@book{Sommerville2010,
author = {Sommerville, Ian},
title = {Software Engineering},
year = {2010},
isbn = {0137035152},
publisher = {Addison-Wesley Publishing Company},
address = {USA},
edition = {9th},
}

@inproceedings{Narayan2012,
author = {Ramasubbu, Narayan and Balan, Rajesh Krishna},
title = {Overcoming the Challenges in Cost Estimation for Distributed Software Projects},
year = {2012},
isbn = {9781467310673},
publisher = {IEEE Press},
booktitle = {Proceedings of the 34th International Conference on Software Engineering},
pages = {91–101},
numpages = {11},
location = {Zurich, Switzerland},
series = {ICSE '12}
}

@mastersthesis{mastersthesis1993,
  author       = {Peter Harwood}, 
  title        = {The title of the work},
  school       = {The school of the thesis},
  year         = 1993,
  address      = {The address of the publisher},
  month        = 7,
  note         = {An optional note}
}

@phdthesis{phdthesis1993,
  author       = {Peter Joslin}, 
  title        = {The title of the work},
  school       = {The school of the thesis},
  year         = 1993,
  address      = {The address of the publisher},
  month        = 7,
  note         = {An optional note}
}

@article{Chip8Applications2019,
  author = "Cruz, N.C. and Ferrández, Miriam Ruiz and Redondo, J.L. and Alvarez, J.D.",
  journal = "11th International Conference on Education and New Learning Technologies, Palma de Mallorca, Spain",
  year = 2019,
  title = "Applications Of CHIP-8, A Virtual Machine From The Late Seventies, In Current Degrees In Computer Engineering.",
  doi = {10.21125/edulearn.2019.0501}
}

@article{BFConceptual2017,
  author = {Temkin, Daniel},
  year = {2017},
  month = {12},
  pages = {83},
  title = {Language Without Code: Intentionally Unusable, Uncomputable, or Conceptual Programming Languages},
  volume = {9},
  journal = {Journal of Science and Technology of the Arts},
  doi = {10.7559/citarj.v9i3.432}
}

@article{BFReinforcementLearining2022,
  author = "Xiaoting, Li and Xiao, Liu and Lingwei, Chen and Rupesh, Prajapati and Dinghao, Wu",
  journal = "Proceedings of the AAAI Conference on Artificial Intelligence",
  year = 2022,
  title = "ALPHAPROG: Reinforcement Generation of Valid Programs for Compiler Fuzzing.",
  doi = {10.1609/aaai.v36i11.21527}
}

@misc{BFEsolang2015,
  author = {Morr, Sebastian},
  title = {Esoteric Programming Languages: An introduction to Brainfuck, INTERCAL, Befunge, Malbolge, and Shakespeare},
  howpublished = {\url{https://blinry.org/esolangs/esolangs.pdf}},
  note = {Online; accessed 04 April 2025} 
}

@misc{BFHardware2016,
  author = {Sang-Woo, Jun},
  title = {50,000,000,000 Instructions Per Second: Design and Implementation of a 256-Core BrainFuck Computer},
  howpublished = {\url{https://people.csail.mit.edu/wjun/papers/sigtbd16.pdf}},
  note = {Online; accessed 04 April 2025} 
}

@misc{BFSelfInterpreter2003,
  author = {Mazonka, Oleg and Cristofani, Daniel},
  year = {2003},
  month = {12},
  title = {A Very Short Self-Interpreter},
  howpublished = {\url{https://www.researchgate.net/publication/1881452_A_Very_Short_Self-Interpreter}},
  note = {Online; accessed 04 April 2025}
}
